@article{ono:06:JSCES,
author = {小野　謙二，玉木　剛},
yomi = {Kenji Ono and Tsuyoshi Tamaki},
title = {SPHERE - 物理シミュレーションのフレームワークと実行環境の開発},
journal = {日本計算工学会論文集},
year = {2006},
number = {20060031}
}

@article{ono:07:ACS18,
author = {小野 謙二，玉木 剛，野田 茂穂，岩田 正子，重谷 隆之},
yomi = {Kenji Ono and Tsuyoshi Tamaki and Shigeho Noda and Masako Iwata and Takayuki Shigetani},
title = {オブジェクト指向並列化クラスライブラリの開発と性能評価},
journal = {情報処理学会論文誌：コンピューティングシステム},
volume = {48},
number = {SIG 8(ACS 18)},
year = {2007},
pages = {44-53}
}

@article{akasaka:06:JSCES,
author = {赤坂 啓，小野 謙二},
yomi = {Kei Akasaka and Kenji Ono},
title = {複雑形状に対するボクセル法に基づく非圧縮流れ解析の境界条件の実装方法},
journal = {Transaction of JSCES},
number = {20060024},
year = {2006}
}


@incollection {treibig:10:springerlink,
author = {Treibig, Jan and Hager, Georg and Wellein, Gerhard},
title = {Complexities of Performance Prediction for Bandwidth-Limited Loop Kernels on Multi-Core Architectures},
booktitle = {High Performance Computing in Science and Engineering, Garching/Munich 2009},
editor = {Wagner, Siegfried and Steinmetz, Matthias and Bode, Arndt and M{\"u}ller, Markus Michael},
publisher = {Springer Berlin Heidelberg},
pages = {3--12},
year = {2010}
}


@inproceedings{ono:07:ParCFD,
author = {Kenji Ono and Tsuyoshi Tamaki},
title = {Development of a framework for parallel simulators with various physics and its performance},
booktitle = {Proceeding of International Conference on Parallel Computational Fluid Dynamics},
year = {2007},
organization ={Parallel CFD},
month = {May},
address = {Antalya, Turkey}
}

@article{guermond:02:JFM,
author = {Guermond, J.-L. and Migeon, C. and Pineau, G. and Quartapelle, L.},
title = {Start-up flows in a three-dimensional rectangular driven cavity of aspect ratio 1:1:2 at {R}e = 1000},
journal = {Journal of Fluid Mechanics},
volume = {450},
year = {2002},
pages = {169--199}
}

@article{Fudlun:00:JCP,
author = {Fudlun, E.A. and Verzicco, R. and Orlandi, P. and Mohd-Yusof, J.},
title = {Combined Immersed-Boundary Finite-Difference Methods for Three-Dimensional Complex Flow Simulation},
journal = {Journal of Computational Physics},
volume = {161},
year = {2000},
pages = {35--60}
}

@article{Liu:00:JCP,
author = {Liu, Xu-Dong and Fedkiw, Ronald P. and Kang, Myungjoo},
title = {A Boundary Condition Capturing Method for Poisson’s Equation on Irregular Domains},
journal = {Journal of Computational Physics},
volume = {160},
year = {2000},
pages = {151--178}
}

@article{Yusof:97:CTR-ARB,
author = {Mohd-Yusof, J.},
title = {Combined Immersed Boundaries/B-Splines Methods for Simulations of Flows in Complex Geometries},
journal = {CTR Annual Research Briefs},
volume = {},
number = {},
year = {1997},
pages = {317--327},
organization = {NASA Ames/Stanford University}
}

@article{tanaka:93:PF,
author = {Tanaka, M. and Kida, S.},
title = {Characterization of vortex tubes and sheets},
journal = {Physics of Fluids A},
volume = {5},
year = {1993},
pages = {2079--2082}
}


@inbook{CFDハンドブック:03,
author = {},
editor = {小林　俊雄},
title = {CFDハンドブック},
year = {2003},
publisher = {丸善},
address = {東京},
chapter = {10.4},
note = {格子形成法(10.4)},
pages = {538--545},
}

@book{kotake:94:handbook,
author = {小竹 進，土方 邦夫，松本 洋一郎},
yomi = {Susumu Kotake and Kunio Hijikata and Yoichiro Matsumoto},
title = {熱流体ハンドブック　現象と支配方程式},
year = {1994},
publisher = {丸善}
}

@book{nakamura:98:handbook,
author = {中村　育雄},
yomi = {Ikuo Nakamura},
title = {流体解析ハンドブック},
year = {1998},
publisher = {共立出版}
}

@book{fujii:94:CFD,
author = {藤井　孝蔵},
yomi = {Kozo Fujii},
title = {流体力学の数値計算法},
year = {1994},
publisher = {東京大学出版会}
}

@book{shouji:95:Dennetsu,
author = {庄司　正弘},
yomi = {Masahiro Shouji},
title = {伝熱工学},
year = {1995},
publisher = {東京大学出版会}
}

@book{hino:74:fd,
author = {日野 幹雄},
yomi = {Hino, Mikio},
title = {流体力学},
year = {1974},
pages = {112--118},
publisher = {朝倉書店}
}

@book{imai:73,
author = {今井　功},
yomi = {Imai, Isao},
title = {流体力学（前編）},
year = {1973},
pages = {284--291},
publisher = {裳華房}
}

@book{nakayama:02:netsuryuutai,
author = {中山 顕，桑原 不二朗，許 国良},
yomi = {Akira Nakayama and Fujio Kuwahara and Kokuryou Kyo},
title = {熱流体力学 -基礎から数値シミュレーションまで-},
year = {2002},
publisher = {共立出版}
}

@book{pat:91,
author = {Patankar, Suhas V.},
title = {Computation of Conduction and Duct Flow heat Transfer},
year = {1991},
publisher = {Innovative Research}
}

@book{pat:80,
author = {Patankar, Suhas V.},
title = {Numerical Heat Transfer and Fluid Flow},
year = {1980},
publisher = {Hemisphere Publishing Corp.}
}

@misc{mpich1,
	howpublished = {http://www-unix.mcs.anl.gov/mpi/mpich1/}
}

@misc{mpich2,
	howpublished = {http://www.mcs.anl.gov/research/projects/mpich2/}
}

@misc{openmpi,
	howpublished = {http://www.open-mpi.org/}
}

@misc{codataR,
	howpublished = {http://www.gs.niigata-u.ac.jp/~kimlab/lecture/GasConstant.html}
}

@misc{ricc,
	howpublished = {http://accc.riken.go.jp/ricc.html/}
}

@misc{focus,
	howpublished = {http://www.j-focus.or.jp/index.html/}
}
