@article{ono:V-SphereJSCES,
author = {小野　謙二，玉木　剛},
yomi = {Kenji Ono and Tsuyoshi Tamaki},
title = {SPHERE - 物理シミュレーションのフレームワークと実行環境の開発},
journal = {日本計算工学会論文集},
year = {2006},
number = {20060031}
}

@article{ono:V-SphereACS18,
author = {小野 謙二，玉木 剛，野田 茂穂，岩田 正子，重谷 隆之},
yomi = {Kenji Ono and Tsuyoshi Tamaki and Shigeho Noda and Masako Iwata and Takayuki Shigetani},
title = {オブジェクト指向並列化クラスライブラリの開発と性能評価},
journal = {情報処理学会論文誌：コンピューティングシステム},
volume = {48},
number = {SIG 8(ACS 18)},
year = {2007},
pages = {44-53}
}

@inproceedings{ono:SphereParCFD08,
author = {Kenji Ono and Tsuyoshi Tamaki},
title = {Development of a framework for parallel simulators with various physics and its performance},
booktitle = {Proceeding of International Conference on Parallel Computational Fluid Dynamics},
year = {2007},
organization ={Parallel CFD},
month = {May},
address = {Antalya, Turkey}
}

@article{Geurmond02,
author = {Guermond, J.-L. and Migeon, C. and Pineau, G. and Quartapelle, L.},
title = {Start-up flows in a three-dimensional rectangular driven cavity of aspect ratio 1:1:2 at {R}e = 1000},
journal = {Journal of Fluid Mechanics},
volume = {450},
number = {},
year = {2002},
pages = {169-199}
}


@book{熱流体ハンドブック:丸善,
author = {小竹 進，土方 邦夫，松本 洋一郎},
yomi = {Susumu Kotake and Kunio Hijikata and Yoichiro Matsumoto},
title = {熱流体ハンドブック　現象と支配方程式},
year = {1994},
publisher = {丸善}
}

@book{流体解析ハンドブック:中村,
author = {中村　育雄},
yomi = {Ikuo Nakamura},
title = {流体解析ハンドブック},
year = {1998},
publisher = {共立出版}
}

@book{CFD:藤井,
author = {藤井　孝蔵},
yomi = {Kozo Fujii},
title = {流体力学の数値計算法},
year = {1994},
publisher = {東京大学出版会}
}

@book{pat91,
author = {Patankar, Suhas V.},
title = {Computation of Conduction and Duct Flow heat Transfer},
year = {1991},
publisher = {Innovative Research}
}

@misc{mpich1,
	howpublished = {http://www-unix.mcs.anl.gov/mpi/mpich1/}
}

@misc{mpich2,
	howpublished = {http://www.mcs.anl.gov/research/projects/mpich2/}
}

@misc{openmpi,
	howpublished = {http://www.open-mpi.org/}
}

@misc{codataR,
	howpublished = {http://www.gs.niigata-u.ac.jp/~kimlab/lecture/GasConstant.html}
}
