@article{akasaka:10:JSME,
author = {赤坂 啓，小野 謙二},
yomi = {Akasaka, Kei and Ono, Kenji},
title = {非水密なポリゴン要素で構成された任意形状周りの直交格子を用いた非圧縮粘性流れ解析},
journal = {日本機械学会論文集 B編},
volume = {76},
number = {764},
pages = {536--545},
year = {2010}
}

@article{ono:06:JSCES,
author = {小野　謙二，玉木　剛},
yomi = {Kenji Ono and Tsuyoshi Tamaki},
title = {SPHERE - 物理シミュレーションのフレームワークと実行環境の開発},
journal = {日本計算工学会論文集},
year = {2006},
number = {20060031}
}

@article{ono:07:ACS18,
author = {小野 謙二，玉木 剛，野田 茂穂，岩田 正子，重谷 隆之},
yomi = {Kenji Ono and Tsuyoshi Tamaki and Shigeho Noda and Masako Iwata and Takayuki Shigetani},
title = {オブジェクト指向並列化クラスライブラリの開発と性能評価},
journal = {情報処理学会論文誌：コンピューティングシステム},
volume = {48},
number = {SIG 8(ACS 18)},
year = {2007},
pages = {44-53}
}

@article{akasaka:06:JSCES,
author = {赤坂 啓，小野 謙二},
yomi = {Kei Akasaka and Kenji Ono},
title = {複雑形状に対するボクセル法に基づく非圧縮流れ解析の境界条件の実装方法},
journal = {Transaction of JSCES},
number = {20060024},
year = {2006}
}


@inproceedings{ono:07:ParCFD,
author = {Kenji Ono and Tsuyoshi Tamaki},
title = {Development of a framework for parallel simulators with various physics and its performance},
booktitle = {Proceeding of International Conference on Parallel Computational Fluid Dynamics},
year = {2007},
organization ={Parallel CFD},
month = {May},
address = {Antalya, Turkey}
}

@article{geurmond:02:JFM,
author = {Guermond, J.-L. and Migeon, C. and Pineau, G. and Quartapelle, L.},
title = {Start-up flows in a three-dimensional rectangular driven cavity of aspect ratio 1:1:2 at {R}e = 1000},
journal = {Journal of Fluid Mechanics},
volume = {450},
year = {2002},
pages = {169--199}
}

@article{Fudlun:00:JCP,
author = {Fudlun, E.A. and Verzicco, R. and Orlandi, P. and Mohd-Yusof, J.},
title = {Combined Immersed-Boundary Finite-Difference Methods for Three-Dimensional Complex Flow Simulation},
journal = {Journal of Computational Physics},
volume = {161},
year = {2000},
pages = {35--60}
}

@article{Liu:00:JCP,
author = {Liu, Xu-Dong and Fedkiw, Ronald P. and Kang, Myungjoo},
title = {A Boundary Condition Capturing Method for Poisson’s Equation on Irregular Domains},
journal = {Journal of Computational Physics},
volume = {160},
year = {2000},
pages = {151--178}
}

@article{Yusof:97:CTR-ARB,
author = {Mohd-Yusof, J.},
title = {Combined Immersed Boundaries/B-Splines Methods for Simulations of Flows in Complex Geometries},
journal = {CTR Annual Research Briefs},
volume = {},
number = {},
year = {1997},
pages = {317--327},
organization = {NASA Ames/Stanford University}
}

@article{germano:91:PF,
author = {Germano, M. and Piomelli, U. and Moin, P. and Cabot, W. H.},
title = {A dynamic subgrid-scale eddy viscosity model},
journal = {Physics of Fluids ({A})},
year = {1991},
volume = {3},
number = {7},
pages = {1760--1765}
}

@article{ghosal:95:JFM,
author = {Ghosal, S. and Lund, T. and Moin, P. and Aksevoll, K.},
title = {A dynamic localization model for large-eddy simulation of turbulent flows},
journal = {Journal of Fluid Mechanics},
year = {1995},
volume = {286},
number = {},
pages = {229--255}
}


@book{kotake:94:handbook,
author = {小竹 進，土方 邦夫，松本 洋一郎},
yomi = {Susumu Kotake and Kunio Hijikata and Yoichiro Matsumoto},
title = {熱流体ハンドブック　現象と支配方程式},
year = {1994},
publisher = {丸善}
}

@book{nakamura:98:handbook,
author = {中村　育雄},
yomi = {Ikuo Nakamura},
title = {流体解析ハンドブック},
year = {1998},
publisher = {共立出版}
}

@book{fujii:94:CFD,
author = {藤井　孝蔵},
yomi = {Kozo Fujii},
title = {流体力学の数値計算法},
year = {1994},
publisher = {東京大学出版会}
}

@book{shouji:95:Dennetsu,
author = {庄司　正弘},
yomi = {Masahiro Shouji},
title = {伝熱工学},
year = {1995},
publisher = {東京大学出版会}
}

@book{nakayama:02:netsuryuutai,
author = {中山 顕，桑原 不二朗，許 国良},
yomi = {Akira Nakayama and Fujio Kuwahara and Kokuryou Kyo},
title = {熱流体力学 -基礎から数値シミュレーションまで-},
year = {2002},
publisher = {共立出版}
}

@book{kajishima:99:simulation,
author = {梶島 岳夫},
yomi = {Takeo Kajishima},
title = {乱流の数値シミュレーション(第一版)},
year = {1999},
pages = {147--149},
publisher = {養賢堂}
}

@book{JSME:06:Handbook,
editor = {日本機会学会},
yomi = {jsme},
title = {計算力学ハンドブック[第2巻 差分法・有限体積法(熱流体編)]},
year = {2006},
pages = {62--73},
publisher = {丸善}
}

@book{ohishi:94:graphics,
author = {大石 進一，牧野 光則},
yomi = {Ohishi, Shin-ichi and makino, Mitsunori},
title = {グラフィクス},
year = {1994},
pages = {89--95},
publisher = {日本評論社}
}

@book{shimada:00:cadcg,
author = {島田 静雄},
yomi = {Shimada, Shizuo},
title = {{CAD}・{CG}のための基礎数学},
year = {2000},
pages = {63--68},
publisher = {共立出版}
}

@book{pat:91,
author = {Patankar, Suhas V.},
title = {Computation of Conduction and Duct Flow heat Transfer},
year = {1991},
publisher = {Innovative Research}
}

@book{pat:80,
author = {Patankar, Suhas V.},
title = {Numerical Heat Transfer and Fluid Flow},
year = {1980},
publisher = {Hemisphere Publishing Corp.}
}

@article{inagaki:03:JSFM,
author = {稲垣 昌英},
yomi = {Masahide Inagaki},
title = {{LES}による工学問題の解明},
journal = {日本流体力学会 数値流体力学部門 {Web}会誌},
year = {2007},
volume = {11},
number = {2},
pages = {51--58}
}


@book{bahi:07,
author = {Bahi, Jacques Mohcine and Contassot-Vivier, Sylvain and Couturier, Rapha\"{e}l},
title = {Parallel Iterative Algorithms},
year = {2007},
publisher = {Chapman \& Hall/CRC}
}

@book{douglas:03,
author = {Douglas, Craig C. and Haase, Gundolf and Langer, Ulrich},
title = {Atutorial on Elliptic PDE Solvers and Their Parallelization},
year = {2003},
publisher = {SIAM}
}

@misc{mpich1,
	howpublished = {http://www-unix.mcs.anl.gov/mpi/mpich1/}
}

@misc{mpich2,
	howpublished = {http://www.mcs.anl.gov/research/projects/mpich2/}
}

@misc{openmpi,
	howpublished = {http://www.open-mpi.org/}
}

@misc{codataR,
	howpublished = {http://www.gs.niigata-u.ac.jp/~kimlab/lecture/GasConstant.html}
}

@misc{RICC,
	howpublished = {http://accc.riken.go.jp/ricc.html}
}

@misc{FOCUS,
	howpublished = {http://www.j-focus.or.jp/index.html}
}
